
@article{bahar2020multi,
	title = {Multi-issue social learning},
	author = {Bahar, Gal and Arieli, Itai and Smorodinsky, Rann and Tennenholtz,
	          Moshe},
	journal = {Mathematical Social Sciences},
	volume = {104},
	pages = {29--39},
	year = {2020},
	publisher = {Elsevier},
}
@inproceedings{hkazla2019reasoning,
	title = {Reasoning in Bayesian opinion exchange networks is PSPACE-hard},
	author = {H{\k{a}}z{\l}a, Jan and Jadbabaie, Ali and Mossel, Elchanan and
	          Rahimian, M Amin},
	booktitle = {Conference on Learning Theory},
	pages = {1614--1648},
	year = {2019},
	organization = {PMLR},
}
@misc{lu2024enabling,
	author = {Lu, Kevin and Chong, Jordan and Lu, Matt and Gao, Jie},
	title = {Enabling Asymptotic Truth Learning in a Social Network},
	howpublished = {Manuscript submitted for publication},
	year = {2024},
}
@article{Mossel_2013,
	title = {Majority dynamics and aggregation of information in social networks},
	volume = {28},
	journal = {Autonomous Agents and Multi-Agent Systems},
	publisher = {Springer Science and Business Media LLC},
	author = {Mossel, Elchanan and Neeman, Joe and Tamuz, Omer},
	year = {2013},
	pages = {408â€“429},
}
@book{easley2010networks,
	title = {Networks, crowds, and markets: Reasoning about a highly connected
	         world},
	author = {Easley, David and Kleinberg, Jon and others},
	volume = {1},
	year = {2010},
	publisher = {Cambridge university press Cambridge},
}


